<record><leader>00000cas a22000007a 4500</leader><controlfield tag="001">13291722</controlfield><controlfield tag="008">860313d19011929wvuwr ne      0    0eng d</controlfield><datafield ind1=" " ind2=" " tag="010"><subfield code="a">sn 86092384 </subfield></datafield><datafield ind1=" " ind2=" " tag="040"><subfield code="a">WVC</subfield><subfield code="b">eng</subfield><subfield code="c">WVC</subfield><subfield code="d">OCL</subfield><subfield code="d">OCLCQ</subfield></datafield><datafield ind1=" " ind2=" " tag="042"><subfield code="a">msc</subfield></datafield><datafield ind1="0" ind2="4" tag="082"><subfield code="a">975.462</subfield></datafield><datafield ind1="0" ind2="4" tag="245"><subfield code="a">The Upshur republican.</subfield></datafield><datafield ind1=" " ind2=" " tag="260"><subfield code="a">Buckhannon, W. Va.</subfield></datafield><datafield ind1=" " ind2=" " tag="300"><subfield code="a">v.</subfield></datafield><datafield ind1=" " ind2=" " tag="310"><subfield code="a">Weekly</subfield></datafield><datafield ind1="1" ind2=" " tag="362"><subfield code="a">Began in 1901; ceased July, 1929.</subfield><subfield code="z">Cf. Republican-Delta publisher's statement.</subfield></datafield><datafield ind1=" " ind2=" " tag="588"><subfield code="a">Description based on: Vol. 10, no. 37 (Oct. 18, 1906).</subfield></datafield><datafield ind1=" " ind2=" " tag="752"><subfield code="a">United States</subfield><subfield code="b">West Virginia</subfield><subfield code="c">Upshur</subfield><subfield code="d">Buckhannon.</subfield></datafield><datafield ind1="0" ind2="7" tag="785"><subfield code="t">Buckhannon delta (1916)</subfield><subfield code="w">(DLC)sn 86092383</subfield></datafield><datafield ind1="0" ind2="7" tag="785"><subfield code="t">Republican-delta</subfield><subfield code="w">(DLC)sn 86092385</subfield></datafield></record>